% Encoding: UTF-8
@Book{xie2015,
  title = {Dynamic Documents with {R} and knitr},
  author = {Yihui Xie},
  publisher = {Chapman and Hall/CRC},
  address = {Boca Raton, Florida},
  year = {2015},
  edition = {2nd},
  note = {ISBN 978-1498716963},
  url = {http://yihui.name/knitr/},
}

@TechReport{Blake-Rule2015,
  author      = {Andrew Blake and Garreth Rule},
  title       = {Deriving option-implied probability densities for foreign exchange markets},
  institution = {Bank of England},
  year        = {2015},
  url         = {https://www.bankofengland.co.uk/ccbs/deriving-option-implied-probability-densities-for-foreign-exchange-markets},
}

@Book{Resnick1992,
  title     = {Adventures in Stochastic Processes},
  publisher = {Birkhauser},
  year      = {1992},
  author    = {Sidney Resnick},
}

@Book{Neftci2008,
  title     = {Principles of Financial Engineering},
  publisher = {Academic Press},
  year      = {2008},
  author    = {Salih Neftci},
  edition   = {2nd edition},
}

@Book{Gandrud2015,
  title     = {Reproducible Research with R and R Studio},
  publisher = {Chapman \& Hall/CRC},
  year      = {2015},
  author    = {Christopher Gandrud},
  series    = {The R Series},
}

@Article{Garman-Kohlhagen1983,
  author  = {{M.B.} Garman and {S.W.} Kohlhagen},
  title   = {Foreign currency option values},
  journal = {Journal of International Money and Finance},
  year    = {1983},
  volume  = {2},
  pages   = {231-237},
}

@Book{Hull2017,
  title     = {Options, Futures, and other Derivatives},
  publisher = {Pearson},
  year      = {2017},
  author    = {John Hull},
  edition   = {10th edition},
}

@Book{Wilmott2006,
  title     = {Paul Wilmott on Quantitative Finance},
  publisher = {John Wiley},
  year      = {2006},
  author    = {Paul Wilmott},
}

@Book{Jackwerth2004,
  title     = {Option-implied Risk-neutral Distributions and Risk Aversion},
  publisher = {The Research Foundation of the AIMR},
  year      = {2004},
  author    = {{Jens Carsten} Jackwerth},
}

@Article{Black-Scholes1973,
  author  = {Fischer Black and Myron Scholes},
  title   = {The pricing of options and corporate liabilities},
  journal = {Journal of Political Economy},
  year    = {1973},
  volume  = {81},
  pages   = {637-654},
}

@Article{Merton1973,
  author  = {Robert Merton},
  title   = {Theory of rational option pricing},
  journal = {Bell Journal of Economics and Management Science},
  year    = {1973},
  volume  = {4},
  pages   = {141-183},
}

@Book{Derman-Miller2016,
  title     = {The Volatility Smile},
  publisher = {John Wiley},
  year      = {2016},
  author    = {Emanuel Derman and Michael Miller},
}

@Article{Litterman-Scheinkman1991,
  author  = {Robert Litterman and Jose Scheinkman},
  title   = {Common factors affecting bond returns},
  journal = {Journal of Fixed Income},
  year    = {1991},
  volume  = {1},
}

@Article{Cox-Ross-Rubinstein1979,
  author  = {John Cox and Stephen Ross and Mark Rubinstein},
  title   = {Option pricing: a simplified approach},
  journal = {Journal of Financial Economics},
  year    = {1979},
  volume  = {7},
  pages   = {229-264},
}

@Article{Bookstaber-McDonald1987,
  author  = {Richard Bookstaber and John McDonald},
  title   = {A general distribution for describing security price returns},
  journal = {Journal of Business},
  year    = {1987},
  volume  = {51},
  pages   = {621-651},
}

@InBook{Constantinides-Jackwerth-Perrakis2007,
  chapter   = {Option pricing: real and risk-neutral distributions},
  title     = {Handbook in Operations Research and Management Science, vol. 15: Financial Engineering},
  publisher = {Elsevier},
  year      = {2007},
  author    = {George Constantinides and {Jens Carsten} Jackwerth and Stylianos Perrakis},
  editor    = {John Birge and Vadim Linetsky},
}

@InBook{Garcia-Ghysels-Renault2009,
  chapter   = {The econometrics of option pricing},
  title     = {Handbook of Financial Econometrics, vol. 1: Tools and Techniques},
  publisher = {Elsevier},
  year      = {2009},
  author    = {Rene Garcia and Eric Ghysels and Eric Renault},
  editor    = {Yacine Ait-Sahalia and {Lars Peter} Hansen},
}

@Article{Jarrow-Rudd1982,
  author  = {Robert Jarrow and Andrew Rudd},
  title   = {Approximate valuation for arbitrary stochastic processes},
  journal = {Journal of Financial Economics},
  year    = {1982},
  volume  = {10},
  pages   = {347-369},
}

@Article{Shimko1993,
  author  = {David Shimko},
  title   = {Bounds on probability},
  journal = {Risk},
  year    = {1993},
  volume  = {6},
  pages   = {33-37},
}

@TechReport{Malz1997,
  author      = {Allan Malz},
  title       = {Option-implied probability distributions and currency excess returns},
  institution = {Federal Reserve Bank of New York},
  year        = {1997},
  type        = {Staff report},
  number      = {32},
}

@TechReport{Malz2014,
  author      = {Allan Malz},
  title       = {A simple and reliable way to compute option-based risk neutral distributions},
  institution = {Federal Reserve Bank of New York},
  year        = {2014},
  type        = {Staff Report},
  number      = {677},
}

@Book{Mandler2003,
  title     = {Market expectations and option prices},
  publisher = {Springer Verlag},
  year      = {2003},
  author    = {Martin Mandler},
}

@Article{Breeden-Litzenberger1978,
  author  = {Douglas Breeden and Robert Litzenberger},
  title   = {Prices of state-contingent claims implicit in option prices},
  journal = {Journal of Business},
  year    = {1978},
  volume  = {51},
  pages   = {621-651},
}

@Book{Hall1992,
  title     = {The Bootstrap and Edgeworth Expansion},
  publisher = {Springer Verlag},
  year      = {1992},
  author    = {Peter Hall},
}

@Article{Lou2015,
  author  = {Wujiang Lou},
  title   = {Funding in option pricing: the Black-Scholes framework extended},
  journal = {Risk},
  year    = {2015},
  month   = {April},
}

@Comment{jabref-meta: databaseType:bibtex;}
