% Encoding: UTF-8
@Manual{R-base,
  title = {R: A Language and Environment for Statistical Computing},
  author = {{R Core Team}},
  organization = {R Foundation for Statistical Computing},
  address = {Vienna, Austria},
  year = {2017},
  url = {https://www.R-project.org/},
}
@Manual{R-bookdown,
  title = {bookdown: Authoring Books and Technical Documents with R Markdown},
  author = {Yihui Xie},
  year = {2017},
  note = {R package version 0.5},
  url = {https://CRAN.R-project.org/package=bookdown},
}
@Manual{R-knitr,
  title = {knitr: A General-Purpose Package for Dynamic Report Generation in R},
  author = {Yihui Xie},
  year = {2017},
  note = {R package version 1.17},
  url = {https://CRAN.R-project.org/package=knitr},
}
@Manual{R-rmarkdown,
  title = {rmarkdown: Dynamic Documents for R},
  author = {JJ Allaire and Joe Cheng and Yihui Xie and Jonathan McPherson and Winston Chang and Jeff Allen and Hadley Wickham and Aron Atkins and Rob Hyndman and Ruben Arslan},
  year = {2017},
  note = {R package version 1.6},
  url = {https://CRAN.R-project.org/package=rmarkdown},
}

@Manual{R-RND,
  title  = {RND: Risk Neutral Density Extraction Package},
  author = {Kam Hamidieh},
  year   = {2017},
  url    = {https://cran.r-project.org/web/packages/RND/index.html},
}

@Manual{R-RStudio,
  title   = {RStudio: Integrated Development for R},
  author  = {{RStudio Team}},
  address = {RStudio, Inc., Boston, MA},
  year    = {2015},
  url     = {https://www.rstudio.com/},
}

@Comment{jabref-meta: databaseType:bibtex;}
